% ----------------------------------------------------------------------------
% Supported entry types
% ----------------------------------------------------------------------------
article, book, mvbook, inbook, bookinbook, suppbook, booklet, collection, 
mvcollection, incollection, suppcollection, manual, misc, online, patent, 
periodical, suppperiodical, proceedings, mvproceedings, inproceedings, 
reference, mvreference, inreference, report, set, thesis, unpublished, custom, 
conference, electronic, masterthesis, phdthesis, techreport

% ----------------------------------------------------------------------------
% Supported entry fields (The printed information depends on the bibliography 
% ----------------------------------------------------------------------------
abstract, addendum, afterword, annotate, author, authortype, bookauthor, 
bookpagination, booksubtitle, booktitle, chapter, commentator, date, doi, 
edition, editor, editortype, eid, entrysubtype, eprint, eprinttype, 
eprintclass, eventdate, eventtitle, file, foreword, holder, howpublished, 
indextitle, institution, introduction, isan, isbn, ismn, isrn, issue, 
issuesubtitle, issuetitle, iswc, journalsubtitle, journaltitle, label, 
language, library, location, mainsubtitle, maintitle, month, note, number, 
organization, origdate, origlanguage, origlocation, origpublisher, origtitle, 
pages, pagetotal, pagination, part, publisher, pubstate, reprinttitle, series, 
shortauthor, shortedition, shorthand, shorthandintro, shortjournal, 
shortseries, shorttitle, subtitle, title, translator, type, url, venue, 
version, volume, year

% ----------------------------------------------------------------------------
% Bibliography sorting options
% ----------------------------------------------------------------------------
nty: sort by name, title, year
nyt: sort by name, year, title
nyvt: sort by name, year, volume, title
anyt: sort by alphabetic label, name, year, title
anyvt: sort by alphabetic label, name, year, volume, title
ydnt: sort by year (descending), name, title
none: entries are processed in citation order

% ----------------------------------------------------------------------------
% Citations (Articles)
% ----------------------------------------------------------------------------
% 3 species model
% prey–predation, competition and commensalism
% Holling-type II functional response
% prey refuge
@article{GAKKHAR201654,
    title = {A three species dynamical system involving prey–predation, competition and commensalism},
    journal = {Applied Mathematics and Computation},
    volume = {273},
    pages = {54-67},
    year = {2016},
    issn = {0096-3003},
    doi = {https://doi.org/10.1016/j.amc.2015.09.036},
    url = {https://www.sciencedirect.com/science/article/pii/S0096300315012722},
    author = {Sunita Gakkhar and Komal Gupta},
    keywords = {Biology, Holling-type II response, Commensalism, Refuge, Persistence, Hopf bifurcation}
}

% 3 species model
% prey–predation, nonlinear competition and commensalism
% Holling-type II functional response
% prey refuge
@article{PANJA2022100153,
    title = {Complex dynamics of a three species predator–prey model with two nonlinearly competing species},
    journal = {Results in Control and Optimization},
    volume = {8},
    pages = {100153},
    year = {2022},
    issn = {2666-7207},
    doi = {https://doi.org/10.1016/j.rico.2022.100153},
    url = {https://www.sciencedirect.com/science/article/pii/S2666720722000327},
    author = {Prabir Panja and Sailen Gayen and Tridib Kar and Dipak Kumar Jana},
    keywords = {Biology, Prey, Predator, Nonlinear competition, Commensalism, Hopf bifurcation}
}

% 4 species model (2-2 prey-predator)
@article{JANA2021100942,
    title = {Behavioural analysis of two prey-two predator model},
    journal = {Ecological Complexity},
    volume = {47},
    pages = {100942},
    year = {2021},
    issn = {1476-945X},
    doi = {https://doi.org/10.1016/j.ecocom.2021.100942},
    url = {https://www.sciencedirect.com/science/article/pii/S1476945X21000350},
    author = {Abhijit Jana and Sankar Kumar Roy},
    keywords = {Biology, Logistic growth model, Functional response, Hopf-bifurcation, Second additive compound matrix, Poincaré-Bendixon criterion, Li-Muldowney geometrical approach}
}

% 3 species model
% 2 different types of prey
% Crowley–Martin type functional response
@article{MENG2014810,
    title = {Stability in a predator–prey model with Crowley–Martin function and stage structure for prey},
    journal = {Applied Mathematics and Computation},
    volume = {232},
    pages = {810-819},
    year = {2014},
    issn = {0096-3003},
    doi = {https://doi.org/10.1016/j.amc.2014.01.139},
    url = {https://www.sciencedirect.com/science/article/pii/S0096300314001854},
    author = {Xin-You Meng and Hai-Feng Huo and Hong Xiang and Qi-yu Yin},
    keywords = {Biology, Stability, Persistence, Stage structure, Crowley–Martin}
}

% 2 species model
% prey refuge
@article{GHOSH2017110,
    title = {Prey-predator dynamics with prey refuge providing additional food to predator},
    journal = {Chaos, Solitons & Fractals},
    volume = {96},
    pages = {110-119},
    year = {2017},
    issn = {0960-0779},
    doi = {https://doi.org/10.1016/j.chaos.2017.01.010},
    url = {https://www.sciencedirect.com/science/article/pii/S0960077917300164},
    author = {Joydev Ghosh and Banshidhar Sahoo and Swarup Poria},
    keywords = {Biology, Prey refuge, Additional food, Hopf bifurcation, Unique limit cycle}
}

@article{ALIDOUSTI2020109688,
    title = {Dynamic behavior of a fractional order prey-predator model with group defense},
    journal = {Chaos, Solitons & Fractals},
    volume = {134},
    pages = {109688},
    year = {2020},
    issn = {0960-0779},
    doi = {https://doi.org/10.1016/j.chaos.2020.109688},
    url = {https://www.sciencedirect.com/science/article/pii/S0960077920300904},
    author = {Javad Alidousti and Elham Ghafari},
    keywords = {Biology, Prey-predator model, Stability analysis, Caputo derivative, Bifurcation, Chaos, Periodic solution}
}

% % No obtainable source...
% % 2 species model
% @article{article:10.1086/282272,
%     author    = {Rosenzweig, M. L. and MacArthur, R. H.},
%     title     = {Graphical Representation and Stability Conditions of Predator-Prey Interactions},
%     journal   = {The American Naturalist},
%     volume    = {97},
%     number    = {895},
%     pages     = {209-223},
%     year      = {1963},
%     doi       = {10.1086/282272},
%     URL       = {https://doi.org/10.1086/282272},
%     keywords  = {Biology}
% }

% % No obtainable source...
% % 2 species model
% @article{article:0025-5564,
%     title     = {Mathematical analysis of some three-species food-chain models},
%     author    = {H.I. Freedman and Paul Waltman},
%     year      = {1977},
%     journal   = {Mathematical Biosciences},
%     issn      = {0025-5564},
%     volume    = {33},
%     number    = {3},
%     pages     = {257-276},
%     doi       = {https://doi.org/10.1016/0025-5564(77)90142-0},
%     url       = {https://www.sciencedirect.com/science/article/pii/0025556477901420},
%     keywords  = {Biology}
% }

% % No obtainable source...
% @article{doi:10.1080/02286203.2020.1839168,
%     author = {Abhijit Jana and Sankar Kumar Roy},
%     title = {Holling-Tanner prey-predator model with Beddington-DeAngelis functional response including delay},
%     journal = {International Journal of Modelling and Simulation},
%     volume = {42},
%     number = {1},
%     pages = {86-100},
%     year  = {2022},
%     publisher = {Taylor & Francis},
%     doi = {10.1080/02286203.2020.1839168},
%     URL = {https://doi.org/10.1080/02286203.2020.1839168},
%     eprint = {https://doi.org/10.1080/02286203.2020.1839168}
% }

% Precise classification of fixed points for a system of 3 equations.
@inproceedings{STUMPF201106,
    title = {Research in Nonlinear Dynamics Triggered by R&D Experiences},
    author = {Stumpf, Peter and Sütő, Zoltán and Nagy, I.},
    year = {2011},
    month = {06},
    pages = {},
    URL = {https://www.researchgate.net/publication/257304665_Research_in_Nonlinear_Dynamics_Triggered_by_RD_Experiences},
    keywords = {Mathematics}
}

% Descartes' rule of signs
@article{WANG2004525526,
    ISSN = {00029890, 19300972},
    URL = {http://www.jstor.org/stable/4145072},
    author = {Xiaoshen Wang},
    journal = {The American Mathematical Monthly},
    number = {6},
    pages = {525--526},
    publisher = {Mathematical Association of America},
    title = {A Simple Proof of Descartes's Rule of Signs},
    volume = {111},
    year = {2004},
    keywords = {Mathematics}
}

% @article{CURTISS1918251278,
%     title = {Recent Extentions of Descartes' Rule of Signs},
%     author = {D. R. Curtiss},
%     publisher = {Annals of Mathematics},
%     journal = {Annals of Mathematics},
%     ISSN = {0003486X},
%     year = {1918},
%     volume = {19},
%     pages = {251--278},
%     URL = {http://www.jstor.org/stable/1967494},
%     number = {4},
%     keywords = {Mathematics}
% }

@article{YANG2002615621,
    title = {Generalized form of Hurwitz-Routh criterion and Hopf bifurcation of higher order},
    journal = {Applied Mathematics Letters},
    volume = {15},
    number = {5},
    pages = {615-621},
    year = {2002},
    issn = {0893-9659},
    doi = {https://doi.org/10.1016/S0893-9659(02)80014-3},
    url = {https://www.sciencedirect.com/science/article/pii/S0893965902800143},
    author = {Xiaojing Yang},
    keywords = {Hurwitz-Routh criterion, Semistable polynomial, Hopf bifurcation.}
}

% ----------------------------------------------------------------------------
% Citations (Books)
% ----------------------------------------------------------------------------
% Equilibrium Points (Page 19)
% Linearization (Page 151)
% Eigenvalue (Page xxx)
% Stability Theory (Page xxx)
@book{Strogatz9780813349107,
    title     = {Nonlinear Dynamics and Chaos: With Applications to Physics, Biology, Chemistry, and Engineering},
    author    = {Steven H. Strogatz},
    publisher = {Westview Press; CRC Press},
    isbn      = {9780813349107},
    year      = {2015},
    series    = {},
    edition   = {2},
    volume    = {},
    pages     = {19, 151},
    keywords  = {Mathematics}
}

% % Routh–Hurwitz stability criterion (Page xxx)
% @book{book:02013331,
%     title     = {A Treatise on the Stability of a Given State of Motion: Particularly Steady Motion},
%     author    = {Routh, E.J.},
%     publisher = {Macmillan and Company},
%     lccn      = {02013331},
%     year      = {1877},
%     url       = {https://books.google.com/books?id=xLQEAAAAYAAJ},
%     pages     = {},
%     keywords  = {Mathematics}
% }

% Routh–Hurwitz stability criterion (Page 222?)
@book{Gopal9780070668799,
    title     = {Control Systems: Principles and Design},
    author    = {M. Gopal},
    publisher = {Tata McGraw Hill Publishing Co. Ltd.},
    isbn      = {9780070668799},
    year      = {2008},
    series    = {},
    edition   = {Third edition},
    volume    = {},
    pages     = {},
    keywords  = {Mathematics}
}

% Intermediate value theorem (Page 122)
@book{STEWART9781337613927,
    title     = {Calculus: Early Transcendentals},
    author    = {James Stewart},
    publisher = {Cengage Learning},
    isbn      = {9781337613927},
    year      = {2020},
    series    = {},
    edition   = {9},
    volume    = {},
    pages     = {122},
    keywords  = {Mathematics}
}

% Referencing 2-species population models
@book{BRAUER9781461416852,
    title     = {Mathematical Models in Population Biology and Epidemiology},
    author    = {Fred Brauer, Carlos Castillo-Chavez (auth.)},
    publisher = {Springer-Verlag New York},
    isbn      = {9781461416852},
    year      = {2012},
    series    = {Texts in Applied Mathematics 40},
    edition   = {2},
    volume    = {},
    keywords  = {Biology}
}

% % Referencing 2-species population models...?
% @book{book:9780691209968,
%     title     = {The Dynamics of Arthopod Predator-Prey Systems. (MPB-13), Volume 13},
%     author    = {Hassell, M.P.},
%     year      = {2020},
%     series    = {Monographs in Population Biology},
%     isbn      = {9780691209968},
%     lccn      = {78051169},
%     url       = {https://books.google.com/books?id=kf3RDwAAQBAJ},
%     publisher = {Princeton University Press},
%     keywords  = {Biology}
% }


% ----------------------------------------------------------------------------
% Citations (Other)
% ----------------------------------------------------------------------------
@article{rackauckas2017differentialequations,
    title    = {Differential{E}quations.jl--a performant and feature-rich ecosystem for solving differential equations in {J}ulia},
    author   = {Rackauckas, Christopher and Nie, Qing},
    journal  = {Journal of Open Research Software},
    volume   = {5},
    number   = {1},
    year     = {2017},
    keywords = {Programming, Julia}
}

@misc{ma2021modelingtoolkit,
    title         = {ModelingToolkit: A Composable Graph Transformation System For Equation-Based Modeling},
    author        = {Yingbo Ma and Shashi Gowda and Ranjan Anantharaman and Chris Laughman and Viral Shah and Chris Rackauckas},
    year          = {2021},
    eprint        = {2103.05244},
    archivePrefix = {arXiv},
    keywords      = {Programming, Julia}
}

@article{gowda2021high,
    title    = {High-performance symbolic-numerics via multiple dispatch},
    author   = {Gowda, Shashi and Ma, Yingbo and Cheli, Alessandro and Gwozdz, Maja and Shah, Viral B and Edelman, Alan and Rackauckas, Christopher},
    journal  = {arXiv preprint arXiv:2105.03949},
    year     = {2021},
    keywords = {Programming, Julia}
}
